@article{holzer1993training,
  title={Are training subsidies for firms effective? The Michigan experience},
  author={Holzer, Harry J and Block, Richard N and Cheatham, Marcus and Knott, Jack H},
  journal={ILR Review},
  volume={46},
  number={4},
  pages={625--636},
  year={1993},
  publisher={SAGE Publications Sage CA: Los Angeles, CA}
}